@misc{moodle42,
	author = {Moodle Developer Resources},
	title = {Moodle 4.2},
	url = {https://moodledev.io/general/releases/4.2},
} 

@misc{moodle42install,
	author = {Moodle Docs},
	title = {Installation},
	url = {https://docs.moodle.org/402/en/Installation},
} 

@misc{moodle42supported,
	author = {Moodle Downloads},
	title = {Other supported releases},
	url = {https://download.moodle.org/releases/supported/},
} 

@misc{moodle42github,
	author = {GitHub},
	title = {moodle/moodle},
	url = {https://github.com/moodle/moodle},
} 

@misc{moodle42cron,
	author = {Moodle Docs},
	title = {Cron},
	url = {https://docs.moodle.org/402/en/Cron},
} 

@misc{tinymce,
	author = {TinyMCE},
	title = {The Most Advanced WYSIWYG HTML Editor},
	url = {https://www.tiny.cloud/tinymce/},
} 

@misc{justinmind,
	author = {Justinmind},
	title = {Free prototyping tool for web & mobile apps},
	url = {https://www.justinmind.com/},
} 

@misc{moodle42file,
	author = {Moodle Docs},
	title = {File System API},
	url = {https://docs.moodle.org/dev/File_System_API},
} 

@misc{grunt,
	author = {Grunt},
	title = {The JavaScript Taskrunner},
	url = {https://gruntjs.com/},
} 

@misc{eslint,
	author = {ESLint},
	title = {Pluggable JavaScript Linter},
	url = {https://eslint.org/},
} 

@misc{jquery,
	author = {jQuery},
	title = {jQuery},
	url = {https://jquery.com/},
} 

@misc{msutache,
	author = {Mustache template},
	title = {mustache},
	url = {https://mustache.github.io/},
} 

@misc{phpunit,
	author = {PHPUnit},
	title = {The PHP Testing Framework},
	url = {https://phpunit.de/},
} 

@misc{behat,
	author = {Behat},
	title = {a php framework for autotesting your business expectations.},
	url = {https://docs.behat.org/en/latest/},
} 

@misc{staruml,
	author = {StarUML},
	title = {StarUML},
	url = {https://staruml.io/},
} 

@misc{gherkin,
	author = {Cucumber Documentation},
	title = {Gherkin Syntax},
	url = {https://cucumber.io/docs/gherkin/},
} 

@misc{moodleplugins,
	author = {Moodle.org},
	title = {Moodle plugins directory},
	url = {https://moodle.org/plugins/index.php/?q=},
} 